<?xml version="1.0" encoding="UTF-8"?><collection xmlns="http://www.loc.gov/MARC21/slim"><record><leader>00532nam--2200169-i-4500</leader><controlfield tag="001">000041187</controlfield><controlfield tag="002">20161230</controlfield><controlfield tag="005">20170125142840</controlfield><controlfield tag="008">060222s1000------------r-----000-0-eng-d</controlfield><datafield ind1=" " ind2=" " tag="080"><subfield code="a">524.7(082.1)</subfield></datafield><datafield ind1=" " ind2=" " tag="100"><subfield code="a">Segal, Irving Ezra</subfield></datafield><datafield ind1=" " ind2=" " tag="245"><subfield code="a">Mathematical cosmology and extragalactic astronomy</subfield></datafield><datafield ind1=" " ind2=" " tag="260"><subfield code="a">New York</subfield><subfield code="b">Acad.Press</subfield><subfield code="c">1976</subfield></datafield><datafield ind1=" " ind2=" " tag="300"><subfield code="a">IX+204 p</subfield></datafield><datafield ind1=" " ind2=" " tag="490"><subfield code="a">Pure And Applied Mathematics. A Series Of Monographs And Textbooks. Editors Samuel Eilenberg And Hyman Bass</subfield></datafield><datafield ind1=" " ind2=" " tag="852"><subfield code="a">13669</subfield></datafield><datafield ind1=" " ind2=" " tag="CAT"><subfield code="a">SYS</subfield><subfield code="c">20170125</subfield><subfield code="h">142840</subfield></datafield></record></collection>